%% This BibTeX bibliography file was created using BibDesk.
%% http://bibdesk.sourceforge.net/


%% Created for Jamie Oaks at 2012-10-24 14:48:46 -0500 


%% Saved with string encoding Unicode (UTF-8) 


@article{Welton2013,
    Author = {Welton, Luke J. and Siler, Cameron D. and Oaks, Jamie R. and Diesmos, Arvin C. and Brown, Rafe M.},
    Journal = {Molecular Ecology},
    Title = {Multilocus Phylogeny and {B}ayesian Estimates of Species Boundaries Reveal Hidden Evolutionary Relationships and Cryptic Diversity in {S}outheast {A}sian Monitor Lizards}
    Year = {{Accepted}}}

@article{GrismerL2008,
	Author = {L. Lee Grismer and Thy Neang and Thou Chav and Perry L. Wood, Jr. and Jamie R. Oaks and Jeremy Holden and Jesse L. Grismer and Thomas R. Szutz and Timothy M. Youmans},
	Date-Added = {2010-07-21 15:54:39 -0400},
	Date-Modified = {2011-12-11 18:04:59 -0600},
	Journal = {Raffles Bulletin of Zoology},
	Number = {1},
	Pages = {161-175},
	Title = {Additional amphibians and reptiles from the {P}hnom {S}amkos {W}ildlife {S}anctuary in {N}orthwestern {C}ardamom {M}ountains, {C}ambodia, with comments on their taxonomy and the discovery of four new species},
	Url = {http://rmbr.nus.edu.sg/rbz/biblio/56/56rbz161-175.pdf},
	Volume = {56},
	Year = {2008},
	Bdsk-Url-1 = {http://rmbr.nus.edu.sg/rbz/biblio/56/56rbz161-175.pdf}}

@article{Oaks2008,
	Author = {Jamie R. Oaks and Jason M. Daul and Gregory H. Adler},
	Date-Added = {2010-07-21 15:54:39 -0400},
	Date-Modified = {2011-12-11 18:03:23 -0600},
	Doi = {10.1644/07-MAMM-A-045.1},
	Journal = {Journal of Mammalogy},
	Number = {4},
	Pages = {904-908},
	Title = {Life span of a tropical forest rodent, \emph{{P}roechimys semispinosus}},
	Url = {http://dx.doi.org/10.1644/07-MAMM-A-045.1},
	Volume = {89},
	Year = {2008},
	Bdsk-Url-1 = {http://dx.doi.org/10.1644/07-MAMM-A-045.1}}

@article{Oaks2011,
	Author = {Oaks, Jamie R.},
	Date-Added = {2011-11-13 18:08:58 -0600},
	Date-Modified = {2011-12-11 17:55:43 -0600},
	Doi = {10.1111/j.1558-5646.2011.01373.x},
	Journal = {Evolution},
	Number = {11},
	Pages = {3285--3297},
	Title = {A time-calibrated species tree of {C}rocodylia reveals a recent radiation of the true crocodiles},
	Url = {http://onlinelibrary.wiley.com/doi/10.1111/j.1558-5646.2011.01373.x/abstract},
	Volume = {65},
	Year = {2011},
	Bdsk-Url-1 = {http://onlinelibrary.wiley.com/doi/10.1111/j.1558-5646.2011.01373.x/abstract},
	Bdsk-Url-2 = {http://dx.doi.org/10.1111/j.1558-5646.2011.01373.x}}

@article{Oaks2012,
	Author = {Oaks, Jamie R. and Sukumaran, Jeet and Esselstyn, Jacob A. and Linkem, Charles W. and Siler, Cameron D. and Holder, Mark T. and Brown, Rafe M.},
	Date-Added = {2011-12-11 18:27:09 -0600},
	Date-Modified = {2012-10-02 07:23:40 +0000},
	Journal = {Evolution},
	Title = {Evidence for climate-driven diversification? A caution for interpreting {ABC} inferences of simultaneous historical events},
	Year = {Accepted}}

@article{OaksInPrep,
	Author = {Oaks, Jamie R. and Holder, Mark T.},
	Date-Added = {2011-12-18 20:58:17 -0600},
	Date-Modified = {2011-12-18 21:01:00 -0600},
	Title = {The performance of inferred versus \emph{a priori} selected partitioned models for accommodating among-site rate variation},
	Year = {In prep.}}

@article{Siler2010,
	Author = {Cameron D. Siler and Jamie R. Oaks and Jacob A. Esselstyn and Arvin C. Diesmos and Rafe M. Brown},
	Date-Added = {2010-07-21 15:54:39 -0400},
	Date-Modified = {2011-12-11 17:59:24 -0600},
	Doi = {10.1016/j.ympev.2010.01.027},
	Journal = {Molecular Phylogenetics and Evolution},
	Pages = {699-710},
	Title = {Phylogeny and biogeography of {P}hilippine bent-toed geckos ({G}ekkonidae: \emph{{C}yrtodactylus}) contradict a prevailing model of {P}leistocene diversification},
	Url = {http://www.sciencedirect.com/science/article/pii/S1055790310000382},
	Volume = {55},
	Year = {2010},
	Bdsk-Url-1 = {http://www.sciencedirect.com/science/article/pii/S1055790310000382},
	Bdsk-Url-2 = {http://dx.doi.org/10.1016/j.ympev.2010.01.027}}

@article{Siler2012,
	Author = {Siler, Cameron D. and Oaks, Jamie R. and Welton, Luke J. and Linkem, Charles W. and Swab, John and Diesmos, Arvin C. and Brown, Rafe M.},
	Date-Added = {2011-11-07 15:15:30 -0600},
	Date-Modified = {2012-10-02 07:25:05 +0000},
	Doi = {10.1111/j.1365-2699.2011.02680.x},
	Journal = {Journal of Biogeography},
	Pages = {1217--1234},
	Title = {Did geckos ride the {P}alawan raft to the {P}hilippines?},
	Volume = {39},
	Year = {2012},
	Bdsk-Url-1 = {http://dx.doi.org/10.1111/j.1365-2699.2011.02680.x}}

@comment{BibDesk Static Groups{
<?xml version="1.0" encoding="UTF-8"?>
<!DOCTYPE plist PUBLIC "-//Apple//DTD PLIST 1.0//EN" "http://www.apple.com/DTDs/PropertyList-1.0.dtd">
<plist version="1.0">
<array>
	<dict>
		<key>group name</key>
		<string>croc_ms</string>
		<key>keys</key>
		<string>Meredith2011,Griffin2002,HuelsenbeckSuchard2007,Liu2007,Brooks1989,Posada1998,Castoe2005,Friesen1999,Janke2005,Zug2001,Ditmars1933,PitmanYor1997,Elsworth2003,Lessios1998,Hass1992,Molnar2002,White2000,Sambrook2001,McAliley2006,Sanderson2002,Birky1989,Swofford1996,Brochu2000,Schwarz1978,Norell1989,Aggarwal1994,Huelsenbeck2001,Pidcock1997,Brochu2003,Meganathan2010,Brown2010,Gatesy2003,Waltari2002,Fitzsimmons2002,Newton1994,Mook1933,Feng2010,Tracer,Gatesy1993,Brooks1979,Delfino2007,Piras2010,Drummond2007,Akaike1974,Taplin1989,Brochu1999,KassRaftery1995,King1989,Palumbi1996,Posada2004,Molnar1979,Felsenstein1988,Miller1987,Brochu2000Copeia,Densmore1984,Shimodaira2002,Friesen1997,Wilgenbusch2004,CedenoVazquez2008,Stamatakis2006,Liu2008,Bell1934,Sill1968,Lessios1996,Roos2007,Densmore1991,Mead2006,Salisbury2006,Zwickl2006,Wermuth1961,Willis2007,Nettel2007,Lessios1999,Mook1927,Rodriguez2008,Jeffreys1961,Palumbi2001,Willis1997,Forster2004,Hekkala2010,Wilkerson2005,CONSEL,Eaton2009,Ree2005,Ree2008,Neill1971,Holland2003,Seebacher2008,Pagel2006,Taplin1982,Tarrio2000,Miller1980,Buscalioni2001,Gatesy1992,Drummond2006,Taplin1985,Gatesy2008,Marshall2010,Groombridge1987,Palumbi1994,Pagel1999,Taplin1988,Marshall2006,Delfino2008,Allen1974,Kalin1955,Clark2008,BrochuDensmore2000,Edwards1972,Aitkin1991,Palumbi1997,Densmore1983,Dicker2008,Schmitz2003,Latiolais2006,Medem1981,Janke2001,Harshman2003,Griffin1999,Schmidt1919,Delfino2010,Barber2005,Castoe2006,Mead2002,Notredame2000,Poe1996,ShimodairaHasegawa1999,Kosuch2001,Jeffreys1935,Janke1997,Reese1915,Drummond2002,Farris1994,Inger1948,Gratten2003,Tchernov1986,Lydekker1886,Salisbury1996,White1992,Thompson1994,Nylander2004,Densmore1989,Sugiura1978,Cunningham1997,Molnar1993,Thornton2000,Ray2002,Heled2010,Brochu2004JPaleo,TaplinLoveridge1988,Pagel2004,Taplin1981,Gatesy2004,Brochu2004Evol,Pagel2007,Brochu2007,Schmidt1924,Ross1998,Muller2005,Hurvich1989,Markwick1998,Pope1955,Dowling1978,Brochu1997,Stamatakis2008,Bustard1982,Brochu2010,Edwards2007,VanBocxlaer2009,Li2007,PAUP,Man2011</string>
	</dict>
</array>
</plist>
}}

@comment{BibDesk Smart Groups{
<?xml version="1.0" encoding="UTF-8"?>
<!DOCTYPE plist PUBLIC "-//Apple//DTD PLIST 1.0//EN" "http://www.apple.com/DTDs/PropertyList-1.0.dtd">
<plist version="1.0">
<array>
	<dict>
		<key>conditions</key>
		<array>
			<dict>
				<key>comparison</key>
				<integer>2</integer>
				<key>key</key>
				<string>Author</string>
				<key>value</key>
				<string>Oaks</string>
				<key>version</key>
				<string>1</string>
			</dict>
			<dict>
				<key>comparison</key>
				<integer>2</integer>
				<key>key</key>
				<string>Author</string>
				<key>value</key>
				<string>Jamie R.</string>
				<key>version</key>
				<string>1</string>
			</dict>
		</array>
		<key>conjunction</key>
		<integer>0</integer>
		<key>group name</key>
		<string>Jamie Oaks</string>
	</dict>
	<dict>
		<key>conditions</key>
		<array>
			<dict>
				<key>comparison</key>
				<integer>2</integer>
				<key>key</key>
				<string>Any Field</string>
				<key>value</key>
				<string>msbayes</string>
				<key>version</key>
				<string>1</string>
			</dict>
		</array>
		<key>conjunction</key>
		<integer>0</integer>
		<key>group name</key>
		<string>msbayes</string>
	</dict>
</array>
</plist>
}}
