@inproceedings{Oaks2018osu,
    keywords = {au, presentation, invited, seminar},
    author = {Oaks, Jamie R.},
    author+an = {1=joaks,presenter},
    year = {2018},
    month = {August},
    title = {Generalizing phylogenetics to infer patterns of shared evolutionary events},
    organization = {Department of Evolution, Ecology, and Organismal Biology, The Ohio State University},
    address = {Columbus, Ohio},
    note = {Invited seminar},
    url = {https://www.slideshare.net/jamieoaks7/generalizing-phylogenetics-to-infer-patterns-of-shared-evolutionary-events}
}

@inproceedings{Oaks2018ssbworkshop,
    keywords = {au, workshop, conference},
    author = {Oaks, Jamie R. and Klabacka, Randy},
    author+an = {1=joaks,presenter;2=phdstudent},
    year = {2018},
    month = {June},
    title = {SSB Comparative Phylogeography Workshop},
    organization = {2018 Standalone Meeting of the Society of Systematic Biologists},
    address = {Columbus, Ohio},
    note = {Workshop},
    url = {http://phyletica.org/ecoevolity/workshops/ssb-2018.html}
}

@inproceedings{Oaks2018ssb,
    keywords = {au, presentation, conference, talk},
    author = {Oaks, Jamie R.},
    author+an = {1=joaks,presenter},
    year = {2018},
    month = {June},
    title = {Inferring shared demographic changes from genomic data},
    organization = {2018 Standalone Meeting of the Society of Systematic Biologists},
    address = {Columbus, Ohio},
    note = {Conference talk},
    url = {https://www.slideshare.net/jamieoaks7/inferring-shared-demographic-changes-from-genomic-data}
}

@inproceedings{Sipley2018ssb,
    keywords = {au, presentation, conference, talk},
    author = {Sipley, Breanna
        and Bullard, Stephen A.
        and Oaks, Jamie R.
        and Halanych, Kenneth M.
    },
    author+an = {1=phdstudent,presenter;3=joaks},
    year = {2018},
    month = {June},
    title = {The evolution of blood parasitism in flatworms: what's VAP got to do with it?},
    organization = {2018 Standalone Meeting of the Society of Systematic Biologists},
    address = {Columbus, Ohio},
    note = {Conference talk}
}

@inproceedings{Westfall2018ssb,
    keywords = {au, presentation, conference, talk},
    author = {Westfall, Aundrea
        and Oaks, Jamie R.
        and Schwartz, Tonia S.
    },
    author+an = {1=msstudent,presenter;2=joaks},
    year = {2018},
    month = {June},
    title = {The Evolution of Viviparity and the Insulin and Insulin-like Signaling Network in \textit{{S}celoporus} Lizards},
    organization = {2018 Standalone Meeting of the Society of Systematic Biologists},
    address = {Columbus, Ohio},
    note = {Conference talk}
}

@inproceedings{David2018ssb,
    keywords = {au, presentation, conference, talk},
    author = {David, Kyle
        and Oaks, Jamie R.
        and Halanych, Kenneth M.
    },
    author+an = {1=phdstudent,presenter;2=joaks},
    year = {2018},
    month = {June},
    title = {Orthologs and Paralogs: What's the Difference?},
    organization = {2018 Standalone Meeting of the Society of Systematic Biologists},
    address = {Columbus, Ohio},
    note = {Conference talk}
}

@inproceedings{Klabacka2018ssb,
    keywords = {au, presentation, conference, poster},
    author = {Klabacka, Randy
        and {Wood, Jr.}, Perry L.
        and McGuire, Jimmy A.
        and Oaks, Jamie R.
        and Grismer, L. Lee
        and Grismer, Jesse L.
        {Sites, Jr.}, Jack W.
    },
    author+an = {1=phdstudent,presenter;2=postdoc;4=joaks;6=postdoc},
    year = {2018},
    month = {June},
    title = {Riverine barriers as potential drivers of biodiversification in a major evolutionary hotspot: A {B}ayesian approach to model comparison},
    organization = {2018 Standalone Meeting of the Society of Systematic Biologists},
    address = {Columbus, Ohio},
    note = {Conference poster}
}

@inproceedings{Folt2018ssb,
    keywords = {au, presentation, conference, poster},
	author = {Folt, Brian
        and Bauder, Javan
        and Spear, Stephen
        and Stevenson, Dirk
        and Hoffman, Michelle
        and Oaks, Jamie R.
        and Jenkins, Christopher
        and Steen, David
        and Guyer, Craig
    },
    author+an = {1=postdoc,presenter;6=joaks},
    title = {Mito-nuclear discordance, gene flow, and male-biased dispersal of
        a large snake, {D}rymarchon couperi},
    year = {2018},
    month = {June},
    organization = {2018 Standalone Meeting of the Society of Systematic Biologists},
    address = {Columbus, Ohio},
    note = {Conference poster}
}

@inproceedings{Oaks2017lsu,
    keywords = {au, presentation, invited, seminar},
    author = {Oaks, Jamie R.},
    author+an = {1=joaks,presenter},
    year = {2017},
    month = {November},
    title = {Generalizing phylogenetics to infer shared evolutionary events},
    organization = {Department of Biological Sciences, Louisiana State University},
    address = {Baton Rouge, Louisiana},
    note = {Invited seminar},
    url = {https://www.slideshare.net/jamieoaks7/generalizing-phylogenetics-to-infer-shared-evolutionary-events-82472215}
}

@inproceedings{Oaks2017ssb,
    keywords = {au, presentation, conference, talk},
    author = {Oaks, Jamie R.},
    author+an = {1=joaks,presenter},
    year = {2017},
    month = {January},
    title = {Ecoevolity: Estimating evolutionary coevality},
    organization = {2017 Standalone Meeting of the Society of Systematic Biologists},
    address = {Baton Rouge, Louisiana},
    note = {Conference talk},
    url = {https://www.slideshare.net/jamieoaks7/generalizing-phylogenetics-to-infer-shared-evolutionary-events-76916482}
}

@inproceedings{Klabacka2017ssb,
    keywords = {au, presentation, conference, talk},
    author = {Klabacka, Randy
        and {Wood, Jr.}, Perry L.
        and Grismer, L. Lee
        and McGuire, Jimmy A.
        and Oaks, Jamie R.
        {Sites, Jr.}, Jack W.
    },
    author+an = {1=phdstudent,presenter;2=postdoc;5=joaks},
    year = {2017},
    month = {January},
    title = {Speciation or isolated diversification: The hidden variation of \textit{{D}raco maculatus}},
    organization = {2017 Standalone Meeting of the Society of Systematic Biologists},
    address = {Baton Rouge, Louisiana},
    note = {Conference talk}
}

@inproceedings{Klabacka2016sepeeg,
    keywords = {au, presentation, conference, talk},
    author = {Klabacka, Randy
        and {Wood, Jr.}, Perry L.
        and Grismer, L. Lee
        and McGuire, Jimmy A.
        and Oaks, Jamie R.
        and Aowphol, A.
        {Sites, Jr.}, Jack W.
    },
    author+an = {1=phdstudent,presenter;2=postdoc;5=joaks},
    year = {2016},
    month = {October},
    title = {Hidden Dragons: The molecular composition of the \textit{{D}raco maculatus} species complex},
    organization = {Southeastern Population Ecology and Evolutionary Genetics (SEPEEG) Meeting},
    address = {Madison, Florida},
    note = {Conference talk}
}

@inproceedings{Oaks2016byu,
    keywords = {presentation, invited, seminar},
    author = {Oaks, Jamie R.},
    author+an = {1=presenter,joaks},
    year = {2016},
    month = {March},
    title = {Generalizing phylogenetics to infer shared evolutionary events},
    organization = {Department of Biology, Brigham Young University},
    address = {Provo, Utah},
    note = {Invited seminar},
    url = {https://www.slideshare.net/jamieoaks7/generalizing-phylogenetics-to-infer-shared-evolutionary-events}
}

@inproceedings{Oaks2016scsu,
    keywords = {presentation, invited, seminar},
    author = {Oaks, Jamie R.},
    author+an = {1=joaks,presenter},
    year = {2016},
    month = {February},
    title = {Generalizing phylogenetics to infer shared evolutionary events},
    organization = {Department of Biology, St.\ Cloud State University},
    address = {St.\ Cloud, Minnesota},
    note = {Invited seminar}
}

@inproceedings{Oaks2015ou,
    keywords = {presentation, invited, seminar},
    author = {Oaks, Jamie R.},
    author+an = {1=joaks,presenter},
    year = {2015},
    month = {October},
    title = {Accommodating clustered divergences in phylogenetic inference},
    organization = {Department of Biology, University of Oklahoma},
    address = {Norman, Oklahoma},
    note = {Invited seminar},
    url = {https://www.slideshare.net/jamieoaks7/accommodating-clustered-divergences-in-phylogenetic-inference}
}

@inproceedings{Oaks2015au,
    keywords = {presentation, invited, seminar},
    author = {Oaks, Jamie R.},
    author+an = {1=joaks,presenter},
    year = {2015},
    month = {March},
    title = {Improving inference of evolutionary history: Developing comparative methods for genomic data},
    organization = {Department of Biological Sciences, Auburn University},
    address = {Auburn, Alabama},
    note = {Invited seminar}
}

@inproceedings{Oaks2014osu,
    keywords = {presentation, invited, seminar},
    author = {Oaks, Jamie R.},
    author+an = {1=joaks,presenter},
    year = {2014},
    month = {November},
    title = {Improving inference of evolutionary history: Developing comparative methods for genomic data},
    organization = {Department of Integrative Biology, Oklahoma State University},
    address = {Stillwater, Oklahoma},
    note = {Invited seminar}
}

@inproceedings{Oaks2014evo,
    keywords = {presentation, conference, talk},
    author = {Oaks, Jamie R.},
    author+an = {1=joaks,presenter},
    year = {2014},
    month = {June},
    title = {An improved approximate-{B}ayesian method for estimating shared evolutionary history},
    organization = {Evolution 2014, Ernst Mayr Competition},
    address = {Raleigh, North Carolina},
    note = {Conference talk},
    url = {https://www.slideshare.net/jamieoaks7/slides-36177128}
}

@inproceedings{Oaks2014evowibo,
    keywords = {presentation, conference, talk},
    author = {Oaks, Jamie R.},
    author+an = {1=joaks,presenter},
    year = {2014},
    month = {April},
    title = {An improved nonparametric approximate-{B}ayesian method for
        estimating shared evolutionary history},
    organization = {EVO-WIBO 2014: $6^{th}$ meeting of evolutionary biologists
        of the Pacific Northwest},
    address = {Port Townsend, Washington},
    note = {Conference talk}
}

@inproceedings{Oaks2013cornell,
    keywords = {presentation, invited, seminar},
    author = {Oaks, Jamie R.
        and Sukumaran, Jeet
        and Esselstyn, Jacob A.
        and Linkem, Charles W.
        and Siler, Cameron D.
        and Brown, Rafe M.
    },
    author+an = {1=joaks,presenter},
    year = {2013},
    month = {March},
    title = {{ABC}, not as easy as 1, 2, 3: The potential perils of model choice
        via approximate {B}ayesian computation},
    organization = {Department of Ecology and Evolutionary Biology, Cornell University},
    address = {Ithaca, New York},
    note = {Invited seminar}
}

@inproceedings{Oaks2012ku,
    keywords = {presentation, conference, talk},
    author = {Oaks, Jamie R.
        and Sukumaran, Jeet
        and Esselstyn, Jacob A.
        and Linkem, Charles W.
        and Siler, Cameron D.
        and Brown, Rafe M.
    },
    author+an = {1=joaks,presenter},
    year = {2012},
    month = {November},
    title = {{ABC}, not as easy as 1, 2, 3: The potential perils of model choice
        via approximate {B}ayesian computation},
    organization = {Graduate Student Symposium, Department of Ecology and Evolutionary Biology, University of Kansas},
    address = {Lawrence, Kansas},
    note = {Talk}
}

@inproceedings{Oaks2010evo,
    keywords = {presentation, conference, talk},
    author = {Oaks, Jamie R.
        and Sukumaran, Jeet
        and Esselstyn, Jacob A.
        and Linkem, Charles W.
        and Siler, Cameron D.
        and Brown, Rafe M.
    },
    author+an = {1=joaks,presenter},
    year = {2010},
    month = {June},
    title = {Comparative phylogeography of terrestrial vertebrates across
        Philippine Pleistocene aggregate island complexes},
    organization = {Evolution 2010},
    address = {Portland, Oregon},
    note = {Conference talk}
}

@inproceedings{Lusher2010,
    keywords = {presentation, conference, poster},
    author = {Lusher, Elizabeth and Oaks, Jamie R.},
    author+an = {1=ugstudent,presenter;2=joaks},
    year = {2010},
    month = {April},
    title = {Phylogeography of Ringneck Snakes across Kansas},
    organization = {Undergraduate Research Symposium, University of Kansas},
    address = {Lawrence, Kansas},
    note = {Poster}
}

@inproceedings{Oaks2010ku,
    keywords = {presentation, invited, seminar},
    author = {Oaks, Jamie R.},
    author+an = {1=joaks,presenter},
    year = {2010},
    month = {February},
    title = {Objective partition choice and the phylogenetic systematics and
        biogeography of the true crocodiles (\emph{{C}rocodylus})},
    organization = {Department of Ecology and Evolutionary Biology, University of Kansas},
    address = {Lawrence, Kansas},
    note = {Invited seminar}
}

@inproceedings{Oaks2009jmih,
    keywords = {presentation, conference, talk},
    author = {Oaks, Jamie R.},
    author+an = {1=joaks,presenter},
    year = {2009},
    month = {July},
    title = {Objective partition choice and the phylogenetic systematics and
        biogeography of the true crocodiles},
    organization = {Joint Meeting of Ichthyologists and Herpetologists},
    address = {Portland, Oregon},
    note = {Conference talk},
    cvnote1 = {Awarded best student paper in Systematics/Evolution}
}

@inproceedings{Oaks2009evo,
    keywords = {presentation, conference, talk},
    author = {Oaks, Jamie R. and Linkem, Charles W.},
    author+an = {1=joaks,presenter},
    year = {2009},
    month = {June},
    title = {Accommodating Among-Site Rate Variation in Phylogenetic Inference:
        Data Partitioning as a Random Variable and the Objective Choice of
            Partition Strategy},
    organization = {Evolution 2009, Ernst Mayr Competition},
    address = {Moscow, Idaho},
    note = {Conference talk}
}

@inproceedings{Linkem2009evo,
    keywords = {presentation, conference, talk},
    author = {Linkem, Charles W. and Oaks, Jamie R.},
    author+an = {2=joaks,presenter},
    year = {2009},
    month = {June},
    title = {Examination and Utility of the {D}irichlet Process Prior in {B}ayesian
        Phylogenetics: A Test with Scincid and \textit{{A}nolis} Lizards},
    organization = {Evolution 2009, Ernst Mayr Competition},
    address = {Moscow, Idaho},
    note = {Conference talk}
}

@inproceedings{Oaks2009ku,
    keywords = {presentation, invited, seminar},
    author = {Oaks, Jamie R.},
    author+an = {1=joaks,presenter},
    year = {2009},
    month = {May},
    title = {Approximate {B}ayesian Computation in the {C}hiricahua {M}ountains},
    organization = {Natural History Museum Seminar Series, University of Kansas},
    address = {Lawrence, Kansas},
    note = {Invited seminar}
}

@inproceedings{Oaks2009sigmaxi,
    keywords = {presentation, conference, talk},
    author = {Oaks, Jamie R.},
    author+an = {1=joaks,presenter},
    year = {2009},
    month = {April},
    title = {Objective Partitioning in Phylogenetic Inference},
    organization = {Sigma Xi Research Paper Competition, University of Kansas},
    address = {Lawrence, Kansas},
    note = {Talk}
}

@inproceedings{Oaks2008ku,
    keywords = {presentation, conference, talk},
    author = {Oaks, Jamie R.},
    author+an = {1=joaks,presenter},
    year = {2008},
    month = {December},
    title = {Accommodating Among-Site Rate Variation in Phylogenetic Inference:
        Data Partitioning as a Random Variable and the Objective Choice of
            Partition Strategy},
    organization = {Graduate Student Symposium, Department of Ecology and Evolutionary Biology, University of Kansas},
    address = {Lawrence, Kansas},
    note = {Talk}
}

@inproceedings{Oaks2008sigmaxi,
    keywords = {presentation, conference, talk},
    author = {Oaks, Jamie R.},
    author+an = {1=joaks,presenter},
    year = {2008},
    month = {April},
    title = {Evolution of the True Crocodiles (\emph{{C}rocodylus})},
    organization = {Sigma Xi Research Paper Competition, University of Kansas},
    address = {Lawrence, Kansas},
    note = {Talk},
    cvnote1 = {Awarded 2nd place}
}

@inproceedings{Oaks2007ku,
    keywords = {presentation, invited, seminar},
    author = {Oaks, Jamie R.},
    author+an = {1=joaks,presenter},
    year = {2007},
    month = {November},
    title = {Phylogenetic Systematics and Biogeography of the True Crocodiles
        (\emph{{C}rocodylus})},
    organization = {Natural History Museum Seminar Series, University of Kansas},
    address = {Lawrence, Kansas},
    note = {Invited seminar}
}

@inproceedings{Oaks2007lsu,
    keywords = {presentation, invited, seminar},
    author = {Carling, Matt
        and Cheviron, Zac
        and Grismer, Jesse L.
        and Hamilton, Allison
        and Oaks, Jamie R.},
    author+an = {5=joaks,presenter;1=presenter;2=presenter;3=presenter;4=presenter},
    year = {2007},
    month = {April},
    title = {Fieldwork at the LSU Museum of Natural Science: Where in the World
        are the Museum Students?},
    organization = {Louisiana State University Museum of Natural Science Seminar Series},
    address = {Baton Rouge, Louisiana},
    note = {Invited seminar}
}
